<record><leader>00000cas a2200000 a 4500</leader><controlfield tag="001">9449100</controlfield><controlfield tag="008">830426d18881894akuwr ne      0    0eng c</controlfield><datafield ind1=" " ind2=" " tag="010"><subfield code="a">sn 83025423 </subfield></datafield><datafield ind1=" " ind2=" " tag="040"><subfield code="a">NPV</subfield><subfield code="b">eng</subfield><subfield code="c">NPV</subfield><subfield code="d">DLC</subfield><subfield code="d">ANE</subfield><subfield code="d">DLC</subfield><subfield code="d">OCLCQ</subfield><subfield code="d">CUI</subfield><subfield code="d">OCLCQ</subfield><subfield code="d">OCLCF</subfield></datafield><datafield ind1=" " ind2=" " tag="019"><subfield code="a">2702088</subfield></datafield><datafield ind1="1" ind2=" " tag="029"><subfield code="a">AU@</subfield><subfield code="b">000023396035</subfield></datafield><datafield ind1=" " ind2=" " tag="042"><subfield code="a">pcc</subfield></datafield><datafield ind1=" " ind2=" " tag="043"><subfield code="a">n-us-ak</subfield></datafield><datafield ind1=" " ind2=" " tag="045"><subfield code="a">w8w9</subfield></datafield><datafield ind1=" " ind2="4" tag="050"><subfield code="a">AN</subfield></datafield><datafield ind1=" " ind2=" " tag="052"><subfield code="a">4373</subfield><subfield code="b">J8</subfield></datafield><datafield ind1="0" ind2="0" tag="245"><subfield code="a">Juneau city mining record.</subfield></datafield><datafield ind1=" " ind2=" " tag="260"><subfield code="a">Juneau City, Alaska :</subfield><subfield code="b">F.F. Myers,</subfield><subfield code="c">-1894.</subfield></datafield><datafield ind1=" " ind2=" " tag="300"><subfield code="a">v.</subfield></datafield><datafield ind1=" " ind2=" " tag="310"><subfield code="a">Weekly</subfield></datafield><datafield ind1="1" ind2=" " tag="362"><subfield code="a">Began Apr. 5, 1888?</subfield></datafield><datafield ind1="0" ind2=" " tag="362"><subfield code="a">-v. 7, no. 11 (June 18, 1894).</subfield></datafield><datafield ind1=" " ind2=" " tag="588"><subfield code="a">Description based on: Vol. 1, no. 3 (Apr. 19, 1888).</subfield></datafield><datafield ind1=" " ind2="0" tag="651"><subfield code="a">Juneau (Alaska)</subfield><subfield code="v">Newspapers.</subfield></datafield><datafield ind1=" " ind2="7" tag="655"><subfield code="a">Newspapers.</subfield><subfield code="2">fast</subfield><subfield code="0">(OCoLC)fst01423814</subfield></datafield><datafield ind1=" " ind2="7" tag="651"><subfield code="a">Alaska</subfield><subfield code="z">Juneau.</subfield><subfield code="2">fast</subfield><subfield code="0">(OCoLC)fst01213587</subfield></datafield><datafield ind1=" " ind2=" " tag="752"><subfield code="a">United States</subfield><subfield code="b">Alaska</subfield><subfield code="d">Juneau.</subfield></datafield><datafield ind1="0" ind2="8" tag="776"><subfield code="i">Online version:</subfield><subfield code="t">Juneau city mining record</subfield><subfield code="w">(OCoLC)192107340</subfield></datafield><datafield ind1="0" ind2="0" tag="785"><subfield code="t">Alaska mining record (Juneau, Alaska : 1894)</subfield><subfield code="w">(DLC)sn 82014090</subfield><subfield code="w">(OCoLC)8768957</subfield></datafield></record>